@Book{钱建固2015,
  author    = {钱建固},
  publisher = {人民交通出版社股份有限公司},
  title     = {《土质学与土力学》（第五版）},
  year      = {2015},
}

@Comment{jabref-meta: databaseType:bibtex;}
